@ONLINE{nsa,
    author = {Prispievatelia Wikipédie},
    title = {National Security Agency},
    date = {2013-12-19},
    url = {https://en.wikipedia.org/w/index.php?title=National_Security_Agency&oldid=586760365},
    urldate = {2013-12-19},
    hyphenation = {english}
}

@ONLINE{gchq,
    author = {Prispievatelia Wikipédie},
    title = {Government Communications Headquarters},
    date = {2013-12-18},
    url = {https://en.wikipedia.org/w/index.php?title=Government_Communications_Headquarters&oldid=586578138},
    urldate = {2013-12-19},
    hyphenation = {english}
}

@ARTICLE{techsme1,
    author = {Milan Gigel},
    title = {Američania špehujú internet, firmy spoluprácu odmietajú},
    journaltitle = {SME Tech},
    date = {2013-06-08},
    url = {http://tech.sme.sk/c/6828086/americania-spehuju-internet-firmy-spolupracu-odmietaju.html},
    urldate = {2013-12-19},
    hyphenation = {slovak}
}

@ARTICLE{techidnes1,
    author = {Pavel Kasík},
    title = {Britové šmírují víc než USA. Napíchli optické kabely, ukázal Snowden},
    journaltitle = {IDnes Technet},
    date = {2013-06-24},
    url = {http://technet.idnes.cz/snowden-a-terorismus-057-/sw_internet.aspx?c=A130624_121748_sw_internet_pka},
    urldate = {2013-12-19},
    hyphenation = {czech}
}

@ARTICLE{techidnes2,
    author = {Pavel Kasík},
    title = {Je to ještě horší. NSA sleduje „prakticky všechno, co děláte na internetu“},
    journaltitle = {IDnes Technet},
    date = {2013-08-01},
    url = {http://technet.idnes.cz/nsa-a-edward-snowden-0qa-/sw_internet.aspx?c=A130801_093521_sw_internet_pka},
    urldate = {2013-12-19},
    hyphenation = {czech}
}

@ARTICLE{techsme2,
    author = {Tomáš Vasilko},
    title = {Vo vašich mailoch sa môžu vŕtať cez XKeyscore, vidí skoro všetko},
    journaltitle = {SME Tech},
    date = {2013-08-01},
    url = {http://tech.sme.sk/c/6888712/vo-vasich-mailoch-sa-mozu-vrtat-cez-xkeyscore-vidi-skoro-vsetko.html},
    urldate = {2013-12-19},
    hyphenation = {slovak}
}

@ARTICLE{techidnes3,
    author = {Roman Všetečka},
    title = {Agentura NSA má možná i váš e-mailový nebo facebookový adresář},
    journaltitle = {IDnes - Technet.cz},
    date = {2013-10-16},
    url = {http://technet.idnes.cz/nsa-sbira-adresare-036-/sw_internet.aspx?c=A131015_162118_sw_internet_vse},
    urldate = {2013-12-19},
    hyphenation = {czech}
}

@ARTICLE{techidnes4,
    author = {Matouš Lázňovský},
    title = {NSA porušuje zákony, potvrzuje audit. A spletla si Washington a Egypt},
    journaltitle = {IDnes - Technet.cz},
    date = {2013-08-16},
    url = {http://technet.idnes.cz/nsa-spehovani-na-internetu-ddj-/sw_internet.aspx?c=A130816_102150_sw_internet_mla},
    urldate = {2013-12-19},
    hyphenation = {czech}
}

@ARTICLE{techidnes5,
    author = {{Pavel Kasík},{ČTK}},
    title = {Rozvědky dokáží obejít většinu internetového šifrování, ukázal Snowden},
    journaltitle = {IDnes - Technet.cz},
    date = {2013-09-06},
    url = {http://technet.idnes.cz/rozvedky-podle-snowdena-prolomily-internetove-sifrovani-pn3-/vojenstvi.aspx?c=A130906_094859_vojenstvi_js},
    urldate = {2013-12-19},
    hyphenation = {czech}
}

@ARTICLE{sme1,
    author = {TASR},
    title = {Snowden získal tajné materiály cez heslá kolegov z NSA},
    journaltitle = {SME},
    date = {2013-11-08},
    url = {http://www.sme.sk/c/6999155/snowden-ziskal-tajne-materialy-cez-hesla-kolegov-z-nsa.html},
    urldate = {2013-12-19},
    hyphenation = {slovak}
}

@ARTICLE{ekonsme1,
    author = {Mirek Tóda},
    title = {Šéfredaktor britského Guardianu vystrašil tajné služby aj vládu},
    journaltitle = {SME Ekonomika},
    date = {2013-12-08},
    url = {http://ekonomika.sme.sk/c/7032655/sefredaktor-britskeho-guardianu-vystrasil-tajne-sluzby-aj-vladu.html},
    urldate = {2013-12-19},
    hyphenation = {slovak}
}

@ARTICLE{sme2,
    author = {TASR},
    title = {Šéf Guardianu o Snowdenovi: Zverejnili sme len jedno percento},
    journaltitle = {SME},
    date = {2013-12-03},
    url = {http://www.sme.sk/c/7027263/sef-guardianu-o-snowdenovi-zverejnili-sme-len-jedno-percento.html},
    urldate = {2013-12-19},
    hyphenation = {slovak}
}

@ARTICLE{idnes1,
    author = {Ivana Milenkovičová, ČTK},
    title = {Zničte disky s daty od Snowdena, přikázala deníku Guardian britská vláda},
    journaltitle = {Idnes.cz},
    date = {2013-08-20},
    url = {http://zpravy.idnes.cz/britska-vlada-donutila-the-guardian-znicit-disky-s-daty-od-snowdena-1f9-/zahranicni.aspx?c=A130820_160208_zahranicni_im},
    urldate = {2013-12-19},
    hyphenation = {czech}
}

@ARTICLE{cnn1,
    author = {Michael Martinez},
    title = {Allies spy on allies because a friend today may not be one tomorrow},
    journaltitle = {CNN},
    date = {2013-10-31},
    url = {http://edition.cnn.com/2013/10/30/us/spying-on-allies-everybody-does-it/},
    urldate = {2013-12-19},
    hyphenation = {english}
}

@ARTICLE{techsme3,
    author = {Tomáš Prokopčák},
    title = {Snowden: Tajných informátorov majú strieľať},
    journaltitle = {SME Tech},
    date = {2013-07-02},
    url = {http://tech.sme.sk/c/6856612/snowden-tajnych-informatorov-maju-strielat.html},
    urldate = {2013-12-19},
    hyphenation = {slovak}
}

@ARTICLE{sme3,
    author = {Tomáš Prokopčák},
    title = {Snowden by vraj mohol veľmi poškodiť USA, ale nechce},
    journaltitle = {SME},
    date = {2013-07-14},
    url = {http://www.sme.sk/c/6868761/snowden-by-vraj-mohol-velmi-poskodit-usa-ale-nechce.html},
    urldate = {2013-12-19},
    hyphenation = {slovak}
}

@ARTICLE{sme4,
    author = {Tomáš Vasilko},
    title = {Americké médiá Snowdenovi na rozdiel od ľudí neveria},
    journaltitle = {SME},
    date = {2013-07-17},
    url = {http://www.sme.sk/c/6872512/americke-media-snowdenovi-na-rozdiel-od-ludi-neveria.html},
    urldate = {2013-12-19},
    hyphenation = {slovak}
}

@ARTICLE{sme5,
    author = {Tomáš Vasilko},
    title = {Špehovanie ubránil Obama len tesne, obmedzenie neprešlo},
    journaltitle = {SME},
    date = {2013-07-25},
    url = {http://www.sme.sk/c/6879949/spehovanie-ubranil-obama-len-tesne-obmedzenie-nepreslo.html},
    urldate = {2013-12-19},
    hyphenation = {slovak}
}

@ARTICLE{techsme4,
    author = {Matúš Krčmárik},
    title = {Nemci nechcú špehovanie, ponúkajú e-mail Made in Germany},
    journaltitle = {SME Tech},
    date = {2013-11-06},
    url = {http://tech.sme.sk/c/6996988/nemci-nechcu-spehovanie-ponukaju-e-mail-made-in-germany.html},
    urldate = {2013-12-19},
    hyphenation = {slovak}
}

@ARTICLE{sme6,
    author = {SITA},
    title = {Američania a Nemci podpíšu dohodu o neodpočúvaní, píšu noviny},
    journaltitle = {SME},
    date = {2013-11-03},
    url = {http://www.sme.sk/c/6992296/americania-a-nemci-podpisu-dohodu-o-neodpocuvani-pisu-noviny.html},
    urldate = {2013-12-19},
    hyphenation = {slovak}
}

@ARTICLE{techidnes6,
    author = {{Pavel Kasík},{ČTK}},
    title = {Americké tajné služby mají rozpočet jako celá ČR. Snowden vynesl čísla},
    journaltitle = {IDnes - Technet.cz},
    date = {2013-08-31},
    url = {http://technet.idnes.cz/odtajneny-rozpocet-nsa-cia-tajnych-sluzeb-usa-f4f-/vojenstvi.aspx?c=A130831_145053_vojenstvi_pka},
    urldate = {2013-12-19},
    hyphenation = {czech}
}

@ARTICLE{idnes2,
    author = {Petr Janoušek},
    title = {Američtí špioni se potají koukali, jak muslimové koukají na porno},
    journaltitle = {Idnes.cz},
    date = {2013-11-28},
    url = {http://zpravy.idnes.cz/americka-tajna-sluzba-sledovala-pornozvyky-podezrelych-muslimu-phw-/zahranicni.aspx?c=A131128_164905_zahranicni_pej},
    urldate = {2013-12-19},
    hyphenation = {czech}
}

@ARTICLE{sme7,
    author = {Tomáš Vasilko},
    title = {Snowden pomáha zlu, tvrdí šéf britských tajných},
    journaltitle = {SME},
    date = {2013-10-10},
    url = {http://www.sme.sk/c/6966006/snowden-pomaha-zlu-tvrdi-sef-britskych-tajnych.html},
    urldate = {2013-12-19},
    hyphenation = {slovak}
}

@ARTICLE{sme8,
    author = {TASR},
    title = {Sledovanie hovorov Američanov je podľa súdu protizákonné},
    journaltitle = {SME},
    date = {2013-12-16},
    url = {http://www.sme.sk/c/7042304/sledovanie-hovorov-americanov-je-podla-sudu-protizakonne.html},
    urldate = {2013-12-19},
    hyphenation = {slovak}
}